<?xml version="1.0" encoding="UTF-8"?><collection xmlns="http://www.loc.gov/MARC21/slim"><record><leader>00595nam--2200217-u-4500</leader><controlfield tag="001">000050476</controlfield><controlfield tag="002">20161230</controlfield><controlfield tag="003">81866</controlfield><controlfield tag="005">20161230201048</controlfield><controlfield tag="008">070404s1000------------r-----000-0-eng-d</controlfield><datafield ind1=" " ind2=" " tag="020"><subfield code="a">981-02-3764-2(pbk)</subfield></datafield><datafield ind1=" " ind2=" " tag="040"><subfield code="a">IFIN-HH</subfield></datafield><datafield ind1=" " ind2=" " tag="080"><subfield code="a">530.161:531.19:531.3</subfield></datafield><datafield ind1="1" ind2=" " tag="100"><subfield code="a">Kadanoff, Leo P</subfield></datafield><datafield ind1="1" ind2="0" tag="245"><subfield code="a">Statistical Physics</subfield><subfield code="b">Statics, Dynamics and Renormalization</subfield><subfield code="c">Leo p. kadanoff</subfield></datafield><datafield ind1=" " ind2=" " tag="260"><subfield code="a">Singapore</subfield><subfield code="b">World Scientific</subfield><subfield code="c">2000</subfield></datafield><datafield ind1=" " ind2=" " tag="300"><subfield code="a">483 p</subfield></datafield><datafield ind1=" " ind2=" " tag="504"><subfield code="a">Includes Index</subfield></datafield><datafield ind1=" " ind2="4" tag="650"><subfield code="a">Statistical Physics</subfield></datafield><datafield ind1=" " ind2=" " tag="852"><subfield code="a">81866</subfield><subfield code="c">530.161</subfield></datafield><datafield ind1=" " ind2=" " tag="CAT"><subfield code="a">Sys</subfield><subfield code="c">20101004</subfield><subfield code="h">140548</subfield></datafield></record></collection>